<record><leader>00000cas a22000007a 4500</leader><controlfield tag="001">15229606</controlfield><controlfield tag="008">870223d18791uuugauwr ne      0    0eng d</controlfield><datafield ind1=" " ind2=" " tag="010"><subfield code="a">sn 87090022 </subfield></datafield><datafield ind1=" " ind2=" " tag="040"><subfield code="a">PPM</subfield><subfield code="b">eng</subfield><subfield code="c">PPM</subfield><subfield code="d">OCLCQ</subfield></datafield><datafield ind1=" " ind2=" " tag="042"><subfield code="a">msc</subfield></datafield><datafield ind1="0" ind2="4" tag="245"><subfield code="a">The Cochran enterprise.</subfield></datafield><datafield ind1="1" ind2="3" tag="246"><subfield code="a">Enterprise</subfield></datafield><datafield ind1=" " ind2=" " tag="260"><subfield code="a">Cochran, Ga. :</subfield><subfield code="b">Ira S. Chappell</subfield></datafield><datafield ind1=" " ind2=" " tag="310"><subfield code="a">Weekly</subfield></datafield><datafield ind1="1" ind2=" " tag="362"><subfield code="a">Began in 1879?</subfield></datafield><datafield ind1=" " ind2=" " tag="588"><subfield code="a">Description based on: Vol. 2, no. 31 (Oct. 28, 1880).</subfield></datafield><datafield ind1=" " ind2=" " tag="752"><subfield code="a">United States</subfield><subfield code="b">Georgia</subfield><subfield code="c">Bleckley</subfield><subfield code="d">Cochran.</subfield></datafield></record>